@inproceedings{yang2011finding,
  title={Finding and understanding bugs in C compilers},
  author={Yang, Xuejun and Chen, Yang and Eide, Eric and Regehr, John},
  booktitle={Proceedings of the 32nd ACM SIGPLAN conference on Programming language design and implementation},
  pages={283--294},
  year={2011}
}

@article{10.1145/3363562,
author = {Chen, Junjie and Patra, Jibesh and Pradel, Michael and Xiong, Yingfei and Zhang, Hongyu and Hao, Dan and Zhang, Lu},
title = {A Survey of Compiler Testing},
year = {2020},
issue_date = {February 2020},
publisher = {Association for Computing Machinery},
address = {New York, NY, USA},
volume = {53},
number = {1},
issn = {0360-0300},
url = {https://doi.org/10.1145/3363562},
doi = {10.1145/3363562},
journal = {ACM Comput. Surv.},
month = feb,
articleno = {Article 4},
numpages = {36},
keywords = {test program generation, test oracle, test optimization, Compiler testing, compiler debugging}
}

@article{10.1145/3360607,
author = {Lampropoulos, Leonidas and Hicks, Michael and Pierce, Benjamin C.},
title = {Coverage Guided, Property Based Testing},
year = {2019},
issue_date = {October 2019},
publisher = {Association for Computing Machinery},
address = {New York, NY, USA},
volume = {3},
number = {OOPSLA},
url = {https://doi.org/10.1145/3360607},
doi = {10.1145/3360607},
journal = {Proc. ACM Program. Lang.},
month = oct,
articleno = {Article 181},
numpages = {29},
keywords = {AFL, coverage, property-based testing, FuzzChick, QuickChick, fuzz testing, random testing}
}
